@article{flahault2005sample,
  title={Sample size calculation should be performed for design accuracy in diagnostic test studies},
  author={Flahault, Antoine and Cadilhac, Michel and Thomas, Guy},
  journal={Journal of clinical epidemiology},
  volume={58},
  number={8},
  pages={859--862},
  year={2005},
  publisher={Elsevier}
}

@article{chernick2002saw,
  title={The saw-toothed behavior of power versus sample size and software solutions: single binomial proportion using exact methods},
  author={Chernick, Michael R and Liu, Christine Y},
  journal={The American Statistician},
  volume={56},
  number={2},
  pages={149--155},
  year={2002},
  publisher={Taylor \& Francis}
}

@article{chu2007sample,
  title={Sample size calculation using exact methods in diagnostic test studies},
  author={Chu, Haitao and Cole, Stephen R},
  journal={Journal of Clinical Epidemiology},
  volume={60},
  number={11},
  pages={1201--1202},
  year={2007},
  publisher={Pergamon}
}

@article{machin1997sample,
  title={Sample size tables for clinical studies. 1997},
  author={Machin, D and Campbell, M and Fayers, P and Pinol, A},
  journal={Malden, MA: Blackwell Science},
  volume={2},
  year={1997}
}

@article{fleiss1980simple,
  title={A simple approximation for calculating sample sizes for comparing independent proportions},
  author={Fleiss, Joseph L and Tytun, Alex and Ury, Hans K},
  journal={Biometrics},
  pages={343--346},
  year={1980},
  publisher={JSTOR}
}

@article{hajian2014sample,
  title={Sample size estimation in diagnostic test studies of biomedical informatics},
  author={Hajian-Tilaki, Karimollah},
  journal={Journal of biomedical informatics},
  volume={48},
  pages={193--204},
  year={2014},
  publisher={Elsevier}
}

@article{arslan2018wsspas,
  title={WSSPAS: An Interactive Web Application for Sample Size and Power Analysis with R Using Shiny.},
  author={Arslan, Ahmet Kadir and Ya{\c{s}}ar, {\c{S}}eyma and {\c{C}}olak, Cemil and YOLO{\u{G}}LUa, Saim},
  journal={Turkiye Klinikleri Journal of Biostatistics},
  volume={10},
  number={3},
  year={2018}
}

@Manual{Rcoreteam2020R,
  title = {R: A Language and Environment for Statistical Computing},
  author = {{R Core Team}},
  organization = {R Foundation for Statistical Computing},
  address = {Vienna, Austria},
  year = {2020},
  url = {https://www.R-project.org/},
}

@Manual{kohl2019Rpackage,
  title = {{MKmisc}: Miscellaneous functions from {M}. {K}ohl},
  author = {Matthias Kohl},
  language = {English},
  year = {2019},
  note = {R package version 1.6},
  url = {http://www.stamats.de},
}

@article{campbell1995estimating,
  title={Estimating sample sizes for binary, ordered categorical, and continuous outcomes in two group comparisons},
  author={Campbell, Michael J and Julious, Steven A and Altman, Douglas G},
  journal={Bmj},
  volume={311},
  number={7013},
  pages={1145--1148},
  year={1995},
  publisher={British Medical Journal Publishing Group}
}
